@InProceedings{Rensink-FOL,
  author = 	 {Arend Rensink},
  title = 	 {Representing First-Order Logic using Graphs},
  booktitle = 	 {Proc. of ICGT '04},
  year =	 2004,
  pages =        {319--335},
  note =	 {{LNCS} 3256},
  publisher =	 {Springer}
}


@InProceedings{sksclo:coinductive-techniques-for-satisfiability,
  author = 	 {Lara Stoltenow and Barbara K{\"o}nig and
                  Sven Schneider and Andrea Corradini and Leen Lambers
                  and Fernando Orejas},
  title = 	 {Coinductive Techniques for Checking Satisfiability 
of Generalized Nested Conditions},
  booktitle =    {Proc. of ????},
  year =	 2024,
  note = "To appear"
}

@InProceedings{bk:subobject-logic-recognizability,
  author = 	 {{H.J.} Sander Bruggink and B. K{\"o}nig},
  title = 	 {A Logic on Subobjects and Recognizability},
  booktitle = 	 {Proc. of IFIP-TCS '10},
  year =	 2010,
  series =	 {IFIP AICT},
  publisher =	 {Springer},
  pages =	 {197-212},
  volume =	 323
}

@InProceedings{hp:nested-constraints,
  author = 	 {Annegret Habel and Karl-Heinz Pennemann},
  title = 	 {Nested Constraints and Application Conditions for 
                  High-Level Structures},
  booktitle = 	 {Formal Methods in Software and Systems Modeling.
                  Essays Dedicated to Hartmut Ehrig, on the Occasion of 
                  His 60th Birthday},
  pages =	 {294--308},
  year =	 2005,
  publisher =	 {Springer},
  note =	 {{LNCS} 3393}
}

@InProceedings{lm:derive-bisimulation,
  author = 	 {James J. Leifer and Robin Milner},
  title =        {Deriving Bisimulation Congruences for Reactive Systems},
  booktitle =    {Proc. of CONCUR 2000},
  publisher =    {Springer},
  pages =        {243--258},
  note = 	 {{LNCS} 1877},
  year =	 2000
}

@InCollection{p:hr-critical-pairs,
  author =	 {Detlef Plump},
  title =	 {Hypergraph Rewriting: Critical Pairs and
                  Undecidability of Confluence},
  editor =	 {Sleep, M.R. and Plasmeijer, M.J. and van~Eekelen,
                  M.C.},
  booktitle =	 {Term Graph Rewriting: Theory and Practice},
  chapter =	 {15},
  year =	 {1993},
  publisher =	 {John Wiley},
  pages =	 {201--214}
}

@InCollection{p:confluence-gt-rev,
  author = "Detlef Plump",
  title = "Confluence of Graph Transformation Revisited",
  editor = "A. Middeldorp and V. van Oostrom and F. van Raamsdonk and R. de Vrijer",
  booktitle = "Festschrift Jan Willem Klop",
  year = 2005,
  publisher = "Springer",
  note = "{LNCS} 3838"
}

@Article{s:rewrite-rules-congruences,
  author = 	 {Peter Sewell},
  title = 	 {From rewrite rules to bisimulation congruences},
  journal = 	 {Theoretical Computer Science},
  year = 	 2002,
  volume =	 274,
  number =	 {1--2},
  pages =	 {183--230}
}

@PhdThesis{p:development-correct-gts,
  author = 	 {Karl-Heinz Pennemann},
  title = 	 {Development of Correct Graph Transformation Systems},
  school = 	 {Universit\"at Oldenburg},
  year = 	 2009,
  month =	 {May}
}

@Article{Habel-FOL,
  author = 	 {Habel, Annegret and Pennemann, Karl-Heinz},
  title = 	 {Correctness of high-level transformation systems
                  relative to nested conditions},
  journal = 	 {Mathematical Stuctures in Computer Science},
  year = 	 2009,
  volume =	 19,
  number={2},
  pages =	 {245--296}
}

@article{NegativeAC,
	author = {Habel, Annegret and Heckel, Reiko and Taentzer, Gabriele},
	title = {Graph grammars with negative application conditions},
	journal = {Fundamenta Informaticae},
	issue_date = {December 1996},
	volume = {26},
	number = {3,4},
	month = dec,
	year = {1996},
	issn = {0169-2968},
	pages = {287--313},
	numpages = {27},
	@@url = {http://dl.acm.org/citation.cfm?id=2379538.2379542},
	acmid = {2379542},
	publisher = {IOS Press},
	address = {Amsterdam, The Netherlands, The Netherlands},
}

@PhdThesis{s:deriving-congruences,
  author = 	 {Soboci{\'{n}}ski, Pawe{\l}},
  title = 	 {Deriving process congruences from reaction rules},
  school = 	 {Department of Computer Science, University of
                  Aarhus},
  year = 	 2004
}

@Article{ek:congruence-dpo-journal,
  author = 	 {Hartmut Ehrig and Barbara K{\"o}nig},
  title = 	 {Deriving Bisimulation Congruences in the {DPO} Approach 
                  to Graph Rewriting with Borrowed Contexts},
  journal = 	 {MSCS},
  volume =       16,
  number =       6,
  year = 	 2006,
  pages =	 {1133--1163}
}

@InProceedings{ss:reactive-cospans,
  author = 	 {Vladimiro Sassone and Pawe{\l} Soboci\'{n}ski},
  title = 	 {Reactive systems over cospans},
  booktitle = 	 {Proc. of LICS '05},
  year =	 2005,
  pages =        {311--320},
  publisher =    {IEEE}
}

@Book{eept:fundamentals-agt,
  author =	 {Hartmut Ehrig and Karsten Ehrig and Ulrike Prange and Gabriele Taentzer},
  title = 	 {Fundamentals of Algebraic Graph Transformation},
  publisher = 	 {Springer},
  year = 	 2006,
  series =	 {Monographs in Theoretical Computer Science}
}

@InCollection{p:categorical-logic,
  author = 	 {Andrew M. Pitts},
  title = 	 {Categorical Logic},
  booktitle = 	 {Handbook of Logic in Computer Science {V}},
  publisher =	 {Oxford University Press},
  year =	 2001
}

@book{j:categorical-logic-type-theory,
  author =	 {Bart Jacobs},
  title = 	 {Categorical Logic and Type Theory},
  publisher = 	 {Elsevier},
  year = 	 1999,
  volume =	 141,
  series =	 {Studies in Logic and the Foundation of Mathematics}
}

@InProceedings{ehlog:confluence-nested-ac,
  author = 	 {Hartmut Ehrig and Annegret Habel and Leen Lambers 
                  and Fernando Orejas and Ulrike Golas},
  title = 	 {Local Confluence for Rules with Nested Application 
                  Conditions},
  booktitle = 	 {Proc. of ICGT '10},
  pages =	 {330--345},
  year =	 2010,
  publisher =	 {Springer},
  note =	 {{LNCS} 6372}
}

@PhdThesis{l:congruences-reactive,
  author = 	 {James J. Leifer},
  title = 	 {Operational congruences for reactive systems},
  school = 	 {University of Cambridge Computer Laboratory},
  year = 	 2001,
  month =	 {September}
}

@Article{cgjlv:abstraction-refinement-journal,
  author = 	 {Edmund M. Clarke and Orna Grumberg and Somesh Jha
                  and Yuan Lu and Helmut Veith},
  title = 	 {Counterexample-guided abstraction refinement for 
                  symbolic model checking},
  journal = 	 {Journal of the ACM},
  year = 	 2003,
  volume =	 50,
  number =	 5,
  pages =	 {752--794}
}

@InProceedings{hjmm:abstractions-proofs,
  author = 	 {Thomas A. Henzinger and Ranjit Jhala and Rupak Majumdar 
                  and Kenneth L. McMillan},
  title = 	 {Abstractions from Proofs},
  booktitle = 	 {Proc. of POPL '04},
  pages =	 {232--244},
  year =	 2004,
  publisher =	 {ACM}
}

@Article{ls:adhesive-journal,
  author =	 {Stephen Lack and Pawe{\l} Soboci\'{n}ski},
  title =	 {Adhesive and Quasiadhesive Categories},
  journal = 	 {RAIRO -- Theoretical Informatics and Applications},
  year =	 2005,
  volume =	 39,
  number =	 3
}

@InProceedings{h:bisimulation-theory-gts,
  author = 	 {Mathias H{\"u}lsbusch},
  title = 	 {Bisimulation Theory for Graph Transformation Systems},
  booktitle = 	 {Proc. of the ICGT '10 (Doctoral Symposium of the 
                  International Conference on Graph Transformation)},
  pages =	 {391--393},
  year =	 2010,
  publisher =	 {Springer},
  note =	 {{LNCS} 6372}
}

@inproceedings{h:application-conditions,
  author    = "Mathias H{\"u}lsbusch",
  title     = "Application Conditions for Reactive Systems with Applications 
               to Bisimulation Theory",
  booktitle = "ICGT 2010 -- Doctoral Symposium",
  year      = 2011,
  series    = "{ECEASST} 38"
}

@Book{terese,
  author    = "Terese",
  title     = "Term Rewriting Systems",
  year      = 2003,
  publisher = "Cambridge University Press",
  series    = "CTTCS 55"
}

@InProceedings{hw:consistency-conditional-gragra,
  author = 	 {Reiko Heckel and Annika Wagner},
  title = 	 {Ensuring consistency of conditional graph rewriting - 
                  a constructive approach},
  booktitle = 	 {Proc. of the Joint COMPUGRAPH/SEMAGRAPH Workshop on 
                  Graph Rewriting and Computation},
  year =	 1995,
  volume =	 2,
  series =	 {ENTCS}
}

@InProceedings{hp:satisfiability-conditions,
  author = 	 {Annegret Habel and Karl-Heinz Pennemann},
  title = 	 {Satisfiability of High-Level Conditions},
  booktitle = 	 {Proc. of ICGT '06},
  year =	 2006,
  publisher =    {Springer},
  note =	 {LNCS 4178},
  pages =	 {430--444}
}

@InProceedings{pp:hoare-calculus-graph-programs,
  author = 	 {Christopher M. Poskitt and Detlef Plump},
  title = 	 {A {Hoare} Calculus for Graph Programs},
  booktitle = 	 {Proc. of ICGT '10},
  pages =	 {139--154},
  year =	 2010,
  publisher =	 {Springer},
  note =	 {{LNCS} 6372}
}

@InProceedings{bchk:conditional-reactive-systems,
  author = 	 {{H.J.} Sander Bruggink and Rapha{\"e}l Cauderlier and
                  Mathias H{\"u}lsbusch and Barbara K{\"o}nig},
  title = 	 {Conditional Reactive Systems},
  booktitle =    {Proc. of FSTTCS~'11},
  year =	 2011,
  publisher =	 {Schloss Dagstuhl -- Leibniz Center for Informatics},
  volume = 	 {13},
  series = 	 {{LIPIcs}},
  url =          {http://drops.dagstuhl.de/opus/frontdoor.php?source_opus=3325}
}


@InProceedings{lo:tableau-graph-properties,
  author = 	 {Leen Lambers and Fernando Orejas},
  title = 	 {Tableau-Based Reasoning for Graph Properties},
  booktitle =    {Proc. of ICGT '14},
  year = 	 2014,
  pages = 	 {17--32},
  publisher =    {Springer},
  note = 	 {{LNCS} 8571},
  file =         {papers/files/gragra/tableau-graph-properties.pdf}
}

@inproceedings{slo:model-generation,
  author    = {Sven Schneider and Leen Lambers and Fernando Orejas},
  title     = {Symbolic Model Generation for Graph Properties},
  booktitle = {Proc. of FASE '17},
  pages     = {226--243},
  year      = {2017},
  note      = {{LNCS} 10202},
  publisher = {Springer}
}

@book{fs:categories-allegories,
  author =	 {Peter J. Freyd and Andre Scedrov},
  title = 	 {Categories, Allegories},
  publisher = 	 {North-Holland},
  year = 	 1990
}

@Article{hn:core-of-a-graph,
  author = 	 {Pavol Hell and Jaroslav Ne{\v{s}}et{\v{r}}il},
  title = 	 {The core of a graph},
  journal = 	 {Discrete Mathematics},
  year = 	 1992,
  volume = 	 109,
  pages = 	 {117--127}
}

@inproceedings{cm:impl-conjunctive-queries,
 author =        {Ashok K. Chandra and Philip M. Merlin},
 title =         {Optimal Implementation of Conjunctive
                  Queries in Relational Data Bases},
 booktitle =     {Proc. of STOC '77},
 year =          {1977},
 pages =         {77--90},
 publisher =     {ACM}
} 

@InProceedings{bss:graphical-conjunctive-queries,
  author =	{Filippo Bonchi and Jens Seeber and Pawel Sobocinski},
  title =	{Graphical Conjunctive Queries},
  booktitle =	{Proc. of CSL '18},
  pages =	{13:1--13:23},
  series =	{LIPIcs},
  year =	{2018},
  volume =	{119},
  publisher =	{Schloss Dagstuhl--Leibniz-Zentrum fuer Informatik}
}

@inproceedings{BKP20b,
    author = {Paolo Baldan and Barbara K\"onig and Tommaso Padoan},
    booktitle = {Proc. of CONCUR '20},
    pages = {25:1--25:20},
    publisher = {Schloss Dagstuhl -- Leibniz Center for Informatics},
    series = {{LIPIcs}},
    title = {Abstraction, Up-to Techniques and Games for Systems of Fixpoint Equations},
    volume = {171},
    year = {2020}
}

@InProceedings{p:complete-lattices-up-to,
  author = 	 {Damien Pous},
  title = 	 {Complete Lattices and Up-To Techniques},
  booktitle =    {Proc. of APLAS '07},
  year = 	 2007,
  pages = 	 {351--366},
  publisher =    {Springer},
  note = 	 {{LNCS} 4807}
}

@InCollection{ps:enhancements-coinductive,
  author = 	 {Damien Pous and Davide Sangiorgi},
  title = 	 {Enhancements of the coinductive proof method},
  booktitle = 	 {Advanced Topics in Bisimulation and Coinduction},
  publisher =	 {Cambridge University Press},
  year =	 2011,
  editor =	 {Davide Sangiorgi and Jan Rutten}
}

@Article{t:lattice-fixed-point,
  author = 	 {Alfred Tarski},
  title = 	 {A lattice-theoretical fixpoint theorem and its applications},
  journal = 	 {Pacific Journal of Mathematics},
  year = 	 1955,
  volume =	 5,
  pages =	 {285--309}
}

@phdthesis{pous:thesis,
  author = {Pous, Damien},
  title = {{Techniques modulo pour les bisimulations}},
  url = {https://hal.archives-ouvertes.fr/tel-01441480},
  school = {{ENS Lyon}},
  year = {2008},
  month = Feb,
  @@PDF = {https://hal.archives-ouvertes.fr/tel-01441480/file/TheseDamienPous.pdf},
  @@HAL_ID = {tel-01441480},
  @@HAL_VERSION = {v1},
}

@article{lmcs:8951,
  TITLE = {{Conditional Bisimilarity for Reactive Systems}},
  AUTHOR = {Mathias Hülsbusch and Barbara König and Sebastian Küpper and Lara Stoltenow},
  URL = {https://lmcs.episciences.org/8951},
  DOI = {10.46298/lmcs-18(1:6)2022},
  JOURNAL = {{Logical Methods in Computer Science}},
  VOLUME = {{Volume 18, Issue 1}},
  YEAR = {2022},
  MONTH = Jan,
  KEYWORDS = {Computer Science - Logic in Computer Science},
}

@Book{s:bisimulation-coinduction,
  author = 	 {Davide Sangiorgi},
  title = 	 {Introduction to Bisimulation and Coinduction},
  publisher = 	 {Cambridge University Press},
  year = 	 2011
}

@InProceedings{eps:gragra-algebraic,
  author = 	 {Hartmut Ehrig and Michael Pfender and Hans Jürgen Schneider},
  title = 	 {Graph grammars: An algebraic approach},
  booktitle = 	 {Proc. 14th IEEE Symp. on Switching and Automata Theory},
  pages =	 {167-180},
  year =	 1973
}

@book{ar:locally-presentable-categories,
  author =	 {Ji\v{r}\'{\i} Ad\'{a}mek and Ji\v{r}\'{\i} Rosick\'{y}},
  title = 	 {Locally Presentable and Accessible Categories},
  publisher = 	 {Cambridge University Press},
  year = 	 1994,
  volume =	 189,
  series =	 {London Mathematical Society Lecture Note Series}
}

@Book{f:fol-theorem-proving,
  author = 	 {Melvin Fitting},
  title = 	 {First-Order Logic and Automated Theorem Proving},
  publisher = 	 {Springer},
  year = 	 1996}

@article{nopl:navigational-logic,
  author       = {Marisa Navarro and Fernando Orejas and Elvira Pino
                  and Leen Lambers},
  title        = {A navigational logic for reasoning about graph properties},
  journal      = {Journal of Logical and Algebraic Methods in Programming},
  volume       = 118,
  pages        = 100616,
  year         = 2021
}

@Article{c:mso-graphs-I,
  author = 	 {Bruno Courcelle},
  title = 	 {The Monadic Second-Order Logic of Graphs~{I}. 
                  {R}ecognizable Sets of Finite Graphs},
  journal = 	 {Information and Computation},
  year = 	 1990,
  volume =	 85,
  number =       1,
  pages =	 {12--75}
}

@Misc{w:logic-first-order-constraints,
  author       = {Uwe Wolter},
  title        = {Logics of First-Order Constraints -- {A} Category
                  Independent Approach},
  year =         2019,
  note =         {arXiv:2101.01944},
  url =          {https://arxiv.org/abs/2101.01944},
  file =         {papers/files/theory/logics-first-order-constraints.pdf}
}

@inproceedings{p:algorithm-approximating-satisfiability,
  author       = {Karl-Heinz Pennemann},
  title        = {An Algorithm for Approximating the Satisfiability Problem of High-level
                  Conditions},
  booktitle    = {GT-VC@CONCUR},
  series       = {Electronic Notes in Theoretical Computer Science},
  volume       = {213.1},
  pages        = {75--94},
  publisher    = {Elsevier},
  year         = 2007
}

@InProceedings{p:resolution-graph-conditions,
  author = 	 {Karl-Heinz Pennemann},
  title = 	 {Resolution-Like Theorem Proving for High-Level
                  Conditions},
  booktitle = 	 {Proc. of ICGT '08},
  year =	 2008,
  publisher =    {Springer},
  note =	 {{LNCS} 5214},
  pages =	 {289--304}
}

@inproceedings{DBC-CRS,
	author = {Mathias H\"{u}lsbusch and Barbara K\"{o}nig},
	booktitle = {Proc. of FOSSACS '12},
	note = {{LNCS/ARCoSS} 7213},
	pages = {361--375},
	publisher = {Springer},
	title = {Deriving Bisimulation Congruences for Conditional Reactive Systems},
	year = {2012}
}

@PhdThesis{l:functorial-semantics-algebraic-theories,
  author = 	 {William Lawvere},
  title = 	 {Functorial Semantics of Algebraic Theories},
  school = 	 {Columbia University},
  year = 	 1963
}

@article{p:inductive-generalization,
  author          = {Gordon D. Plotkin},
  journal         = {Machine Intelligence},
  number          = {5},
  title           = {A Note on Inductive Generalization},
  volume          = {},
  year            = {1970}, 
  pages           = {153--163},
}

@inproceedings{DBLP:conf/stoc/ChandraM77,
  author       = {Ashok K. Chandra and
                  Philip M. Merlin},
  editor       = {John E. Hopcroft and
                  Emily P. Friedman and
                  Michael A. Harrison},
  title        = {Optimal Implementation of Conjunctive Queries in Relational Data Bases},
  booktitle    = {Proceedings of the 9th Annual {ACM} Symposium on Theory of Computing,
                  May 4-6, 1977, Boulder, Colorado, {USA}},
  pages        = {77--90},
  publisher    = {{ACM}},
  year         = {1977},
  url          = {https://doi.org/10.1145/800105.803397},
  doi          = {10.1145/800105.803397},
  timestamp    = {Wed, 14 Nov 2018 10:51:36 +0100},
  biburl       = {https://dblp.org/rec/conf/stoc/ChandraM77.bib},
  bibsource    = {dblp computer science bibliography, https://dblp.org}
}

@inproceedings{DBLP:conf/csl/BonchiSS18,
  author       = {Filippo Bonchi and
                  Jens Seeber and
                  Pawel Sobocinski},
  editor       = {Dan R. Ghica and
                  Achim Jung},
  title        = {Graphical Conjunctive Queries},
  booktitle    = {27th {EACSL} Annual Conference on Computer Science Logic, {CSL} 2018,
                  September 4-7, 2018, Birmingham, {UK}},
  series       = {LIPIcs},
  volume       = {119},
  pages        = {13:1--13:23},
  publisher    = {Schloss Dagstuhl - Leibniz-Zentrum f{\"{u}}r Informatik},
  year         = {2018},
  url          = {https://doi.org/10.4230/LIPIcs.CSL.2018.13},
  doi          = {10.4230/LIPICS.CSL.2018.13},
  timestamp    = {Thu, 14 Oct 2021 09:54:12 +0200},
  biburl       = {https://dblp.org/rec/conf/csl/BonchiSS18.bib},
  bibsource    = {dblp computer science bibliography, https://dblp.org}
}

@book{roberts1973_the-existential-graphs-of-charles-s.-peirce,
	author = {Don D. Roberts},
	date-added = {2023-07-09 09:18:24 -0400},
	date-modified = {2023-07-09 09:18:24 -0400},
	publisher = {De Gruyter Mouton},
	title = {The Existential Graphs of Charles S. Peirce},
	year = {1973}
}

@article{AzziCR19,
  author       = {Guilherme Grochau Azzi and
                  Andrea Corradini and
                  Leila Ribeiro},
  title        = {On the essence and initiality of conflicts in M-adhesive transformation
                  systems},
  journal      = {J. Log. Algebraic Methods Program.},
  volume       = {109},
  year         = {2019},
  url          = {https://doi.org/10.1016/j.jlamp.2019.100482},
  doi          = {10.1016/J.JLAMP.2019.100482},
  timestamp    = {Sat, 04 Apr 2020 17:15:22 +0200},
  biburl       = {https://dblp.org/rec/journals/jlap/AzziCR19.bib},
  bibsource    = {dblp computer science bibliography, https://dblp.org}
}